<?xml version="1.0" encoding="UTF-8"?>
<collection xmlns:xsi="http://www.w3.org/2001/XMLSchema-instance" xsi:schemaLocation="http://www.loc.gov/MARC21/slim http://www.loc.gov/standards/marcxml/schema/MARC21slim.xsd" xmlns="http://www.loc.gov/MARC21/slim">
<record>
  <leader>01829cam a22003491  4500</leader>
  <controlfield tag="001">2981822</controlfield>
  <controlfield tag="003">NNC</controlfield>
  <controlfield tag="005">20151019143146.0</controlfield>
  <controlfield tag="008">810828s1969    iq       b    010 0 ara  </controlfield>
  <datafield tag="010" ind1=" " ind2=" ">
    <subfield code="a">   75962120 </subfield>
  </datafield>
  <datafield tag="020" ind1=" " ind2=" ">
    <subfield code="c">0.45ID</subfield>
  </datafield>
  <datafield tag="035" ind1=" " ind2=" ">
    <subfield code="a">(OCoLC)79073139</subfield>
  </datafield>
  <datafield tag="035" ind1=" " ind2=" ">
    <subfield code="a">(OCoLC)ocm79073139</subfield>
  </datafield>
  <datafield tag="035" ind1=" " ind2=" ">
    <subfield code="9">ASM8957CU</subfield>
  </datafield>
  <datafield tag="035" ind1=" " ind2=" ">
    <subfield code="a">(NNC)2981822</subfield>
  </datafield>
  <datafield tag="040" ind1=" " ind2=" ">
    <subfield code="c">NN</subfield>
    <subfield code="d">NN</subfield>
    <subfield code="d">CtY</subfield>
  </datafield>
  <datafield tag="043" ind1=" " ind2=" ">
    <subfield code="a">a-iq---</subfield>
  </datafield>
  <datafield tag="050" ind1="0" ind2=" ">
    <subfield code="a">PJ7840.A85</subfield>
    <subfield code="b">Z57</subfield>
  </datafield>
  <datafield tag="066" ind1=" " ind2=" ">
    <subfield code="c">(3</subfield>
  </datafield>
  <datafield tag="245" ind1="0" ind2="0">
    <subfield code="6">880-01</subfield>
    <subfield code="a">Muḥammad Mahdī al-Jawāhirī :</subfield>
    <subfield code="b">dirāsāt naqdīyah /</subfield>
    <subfield code="c">aʻaddahā farīq min al-kuttāb al-ʻIrāqīyīn ; ashrafa ʻalá iṣdārihā Hādī al-ʻAlawī.</subfield>
  </datafield>
  <datafield tag="260" ind1=" " ind2=" ">
    <subfield code="6">880-02</subfield>
    <subfield code="a">Baghdād :</subfield>
    <subfield code="b">Maṭbaʻat al-Nuʻmān,</subfield>
    <subfield code="c">1969.</subfield>
  </datafield>
  <datafield tag="300" ind1=" " ind2=" ">
    <subfield code="a">214 p. ;</subfield>
    <subfield code="c">25 cm.</subfield>
  </datafield>
  <datafield tag="500" ind1=" " ind2=" ">
    <subfield code="a">"al-Kuttāb wa-abḥāthuhum": p. 5-9.</subfield>
  </datafield>
  <datafield tag="504" ind1=" " ind2=" ">
    <subfield code="a">Includes bibliographical references.</subfield>
  </datafield>
  <datafield tag="505" ind1="0" ind2=" ">
    <subfield code="a">Min riḥlat al-fikr wa-al-taḥawwul / li-Hādī Alawī -- al-Shāʻir wa-al-ḥākim wa-al-madanīyah / li-Jabrā Ibrāhīm Jabrā -- Min al-ghurbah ḥattá waʻy al-ghurbah / li-Fawzī Karīm -- al-Jawāhirī wa-al-turāth / li-Hāshim al-Ṭaʻʻān -- Maʻa al-marʾah / li-Dāwūd Sallūm -- Lughat al-shiʻr ʻinda al-Jawāhirī / li-Ibrāhīm al-Sāmarrāʾī -- al-Jawāhirī ṣihāfīyan / li-Salīm Tāhā al-Tikrītī.</subfield>
  </datafield>
  <datafield tag="600" ind1="1" ind2="0">
    <subfield code="a">Jawāhirī, Muḥammad Mahdī,</subfield>
    <subfield code="d">1899?-1997.</subfield>
  </datafield>
  <datafield tag="700" ind1="1" ind2=" ">
    <subfield code="6">880-03</subfield>
    <subfield code="a">ʻAlawī, Hādī,</subfield>
    <subfield code="e">editor.</subfield>
  </datafield>
  <datafield tag="880" ind1="0" ind2="0">
    <subfield code="6">245-01/(3/r</subfield>
    <subfield code="a">محمد مهدي الجواهري :</subfield>
    <subfield code="b">دراسات نقدية /</subfield>
    <subfield code="c">أعدها فريق من الكتاب العراقيين ؛ أشرف على إصدارها هادي العلوي.</subfield>
  </datafield>
  <datafield tag="880" ind1=" " ind2=" ">
    <subfield code="6">260-02/(3/r</subfield>
    <subfield code="a">بغداد :</subfield>
    <subfield code="b">[مكتبة الأندلس]،</subfield>
    <subfield code="c">1969.</subfield>
  </datafield>
  <datafield tag="880" ind1="1" ind2=" ">
    <subfield code="6">700-03/(3/r</subfield>
    <subfield code="a">علوي، هادي.</subfield>
  </datafield>
  <datafield tag="955" ind1=" " ind2=" ">
    <subfield code="b">0036761672</subfield>
    <subfield code="d">glx</subfield>
    <subfield code="e">PJ7840.A85 Z57</subfield>
  </datafield>
</record>
</collection>